%% This BibTeX bibliography file was created using BibDesk.
%% http://bibdesk.sourceforge.net/


%% Created for Natalie Cooper at 2015-06-25 14:51:56 +0100 


%% Saved with string encoding Unicode (UTF-8) 

@article{GuillermeCooper,
title = "Effects of missing data on topological inference using a Total Evidence approach ",
journal = "Mol. Phylogenet. Evol. ",
volume = "94, Part A",
number = "",
pages = "146 - 158",
year = "2016",
note = "",
issn = "1055-7903",
doi = "http://dx.doi.org/10.1016/j.ympev.2015.08.023",
url = "http://www.sciencedirect.com/science/article/pii/S1055790315002547",
author = "Thomas Guillerme and Natalie Cooper",
}
